@article{Curless1996,
author = {Curless, Brian and Levoy, Marc},
file = {:homes/mklingen/Desktop/Papers/DenseMapping/TSDF.pdf:pdf},
journal = {Proc. 23rd Annu. Conf. \ldots},
title = {{A volumetric method for building complex models from range images}},
url = {http://dl.acm.org/citation.cfm?id=237269},
year = {1996}
}
@article{Newcombe,
author = {Newcombe, RA and Davison, AJ},
file = {:homes/mklingen/Desktop/Papers/DenseMapping/KinectFusion2011.pdf:pdf},
journal = {\ldots (ISMAR), 2011 10th \ldots},
keywords = {3,4,8,ar,computer graphics,dense reconstruction,depth cameras,gpu,i,image genera-,image processing and com-,index terms,picture,real-time,scanning,slam,tion - digitizing and,tracking,volumetric representation},
title = {{KinectFusion: Real-time dense surface mapping and tracking}},
url = {http://ieeexplore.ieee.org/xpls/abs\_all.jsp?arnumber=6162880},
year = {2011}
}
@inproceedings{Klingensmith2014,
author = {Klingensmith, Matthew and Herrmann, Martin and Srinivasa, Siddhartha S},
booktitle = {ISER},
file = {:homes/mklingen/Desktop/Papers/DenseMapping/VoxelCarving.pdf:pdf},
number = {d},
title = {{Object Modeling and Recognition from Sparse , Noisy Data via Voxel Depth Carving}},
year = {2014}
}
@article{Wurm2010,
author = {Wurm, KM},
file = {:homes/mklingen/Desktop/Papers/DenseMapping/Octomap.pdf:pdf},
journal = {\ldots Pract. 3D \ldots},
title = {{OctoMap: A probabilistic, flexible, and compact 3D map representation for robotic systems}},
url = {http://ais.informatik.uni-freiburg.de/publications/papers/wurm10octomap.pdf},
year = {2010}
}
@article{Bylow2013,
author = {Bylow, E and Sturm, J and Kerl, Christian},
file = {:homes/mklingen/Desktop/Papers/DenseMapping/TSDF\_color.pdf:pdf},
journal = {Robot. Sci. \ldots},
title = {{Real-time camera tracking and 3D reconstruction using signed distance functions}},
url = {http://lup.lub.lu.se/record/3917422},
year = {2013}
}
@article{Whelan2013,
author = {Whelan, Thomas and Johannsson, Hordur},
file = {:homes/mklingen/Desktop/Papers/DenseMapping/Kintinuous.pdf:pdf},
journal = {\ldots (ICRA), 2013 IEEE \ldots},
number = {i},
title = {{Robust real-time visual odometry for dense RGB-D mapping}},
url = {http://ieeexplore.ieee.org/xpls/abs\_all.jsp?arnumber=6631400},
year = {2013}
}
@article{Elfes1989,
author = {Elfes, A},
file = {:homes/mklingen/Desktop/Papers/elfes.pdf:pdf},
journal = {Computer (Long. Beach. Calif).},
title = {{Using occupancy grids for mobile robot perception and navigation}},
url = {http://ieeexplore.ieee.org/xpls/abs\_all.jsp?arnumber=30720},
year = {1989}
}
